@mastersthesis{popkes,
    title={Language Modeling with Recurrent Neural Networks - Using Transfer Learning to Perform Radiological Sentence Completion},
    author={Popkes, Anna-Lena},
    school={Rheinische Friedrich-Wilhelms-Universität Bonn},
    year={2018},
    url={http://alpopkes.com/files/thesis_APopkes.pdf},
}

@mastersthesis{lankinen,
    title={Modeling Finnish language with character-word compositional Language Model},
    author={Lankinen, Matti},
    school={Aalto University},
    year={2016},
}

@article{chen2014efficient,
  title={{Efficient GPU-based training of recurrent neural network language models using spliced sentence bunch}},
  author={Chen, X. and Wang, Y. and Liu, X. and Gales, M. and Woodland P.},
  journal={INTERSPEECH-2014},
  year={2014},
  pages={641-645},
  url={https://www.isca-speech.org/archive/interspeech_2014/i14_0641.html},
}

@inproceedings{colic2010exploring,
    author = {Colic, Aleksandar and Kalva, Hari and Furht, Borko},
    title = {Exploring NVIDIA-CUDA for Video Coding},
    year = {2010},
    isbn = {9781605589145},
    publisher = {Association for Computing Machinery},
    address = {New York, NY, USA},
    url = {https://doi.org/10.1145/1730836.1730839},
    doi = {10.1145/1730836.1730839},
    booktitle = {Proceedings of the First Annual ACM SIGMM Conference on Multimedia Systems},
    pages = {13–22},
    numpages = {10},
    keywords = {compute unified device architecture (cuda), video coding, motion estimation, parallel processing, graphics processing unit (gpu)},
    location = {Phoenix, Arizona, USA},
    series = {MMSys ’10}
}
  
@inproceedings{you2019large,
  title={Large batch optimization for deep learning: Training bert in 76 minutes},
  author={You, Yang and Li, Jing and Reddi, Sashank and Hseu, Jonathan and Kumar, Sanjiv and Bhojanapalli, Srinadh and Song, Xiaodan and Demmel, James and Keutzer, Kurt and Hsieh, Cho-Jui},
  booktitle={International Conference on Learning Representations},
  year={2019},
  url={https://arxiv.org/abs/1904.00962},
}

@article{radford2019language,
  title={Language models are unsupervised multitask learners},
  author={Radford, Alec and Wu, Jeffrey and Child, Rewon and Luan, David and Amodei, Dario and Sutskever, Ilya},
  journal={OpenAI Blog},
  volume={1},
  number={8},
  pages={9},
  year={2019},
  url={https://cdn.openai.com/better-language-models/language_models_are_unsupervised_multitask_learners.pdf},
}

@article{devlin2018bert,
  title={Bert: Pre-training of deep bidirectional transformers for language understanding},
  author={Devlin, Jacob and Chang, Ming-Wei and Lee, Kenton and Toutanova, Kristina},
  journal={arXiv preprint arXiv:1810.04805},
  year={2018},
  url={https://arxiv.org/pdf/1810.04805.pdf},
}

@article{krause2019dynamic,
  title={Dynamic evaluation of transformer language models},
  author={Krause, Ben and Kahembwe, Emmanuel and Murray, Iain and Renals, Steve},
  journal={arXiv preprint arXiv:1904.08378},
  year={2019}
}

@article{rosenfeld2000two,
  title={Two decades of statistical language modeling: Where do we go from here?},
  author={Rosenfeld, Ronald},
  journal={Proceedings of the IEEE},
  volume={88},
  number={8},
  pages={1270--1278},
  year={2000},
  publisher={IEEE}
}

@article{jozefowicz2016exploring,
  title={Exploring the limits of language modeling},
  author={Jozefowicz, Rafal and Vinyals, Oriol and Schuster, Mike and Shazeer, Noam and Wu, Yonghui},
  journal={arXiv preprint arXiv:1602.02410},
  year={2016}
}

@article{goodman2001bit,
  title={A bit of progress in language modeling extended version},
  author={Goodman, T ~Joshua},
  journal={Machine Learning and Applied Statistics Group Microsoft Research. Technical Report, MSR-TR-2001-72},
  year={2001},
  url={https://arxiv.org/pdf/cs/0108005.pdf}
}


@article{chelba2013one,
  title={One billion word benchmark for measuring progress in statistical language modeling},
  author={Chelba, Ciprian and Mikolov, Tomas and Schuster, Mike and Ge, Qi and Brants, Thorsten and Koehn, Phillipp and Robinson, Tony},
  journal={arXiv preprint arXiv:1312.3005},
  year={2013},
  url={https://arxiv.org/pdf/1312.3005.pdf},
}


@misc{jurafsky2014speech,
  title={Speech and language processing. Vol. 3},
  author={Jurafsky, Dan and Martin, James H},
  year={2014},
  publisher={Pearson London}
}

@inproceedings{mikolov2010recurrent,
  title={Recurrent neural network based language model},
  author={Mikolov, Tom{\'a}{\v{s}} and Karafi{\'a}t, Martin and Burget, Luk{\'a}{\v{s}} and {\v{C}}ernock{\`y}, Jan and Khudanpur, Sanjeev},
  booktitle={Eleventh annual conference of the international speech communication association},
  year={2010},
  pages={1045-1048},
  url={https://www.isca-speech.org/archive/interspeech_2010/i10_1045.html},
}

@inproceedings{mikolov2011extensions,
  title={Extensions of recurrent neural network language model},
  author={Mikolov, Tom{\'a}{\v{s}} and Kombrink, Stefan and Burget, Luk{\'a}{\v{s}} and {\v{C}}ernock{\`y}, Jan and Khudanpur, Sanjeev},
  booktitle={2011 IEEE international conference on acoustics, speech and signal processing (ICASSP)},
  pages={5528--5531},
  year={2011},
  organization={IEEE}
}

@article{mikolov2012statistical,
  title={Statistical language models based on neural networks},
  author={Mikolov, Tom{\'a}{\v{s}}},
  journal={Presentation at Google, Mountain View, 2nd April},
  volume={80},
  year={2012}
}

@inproceedings{adel2013recurrent,
  title={Recurrent neural network language modeling for code switching conversational speech},
  author={Adel, Heike and Vu, Ngoc Thang and Kraus, Franziska and Schlippe, Tim and Li, Haizhou and Schultz, Tanja},
  booktitle={2013 IEEE International Conference on Acoustics, Speech and Signal Processing},
  pages={8411--8415},
  year={2013},
  organization={IEEE}
}

@inproceedings{adel2014comparing,
  title={Comparing approaches to convert recurrent neural networks into backoff language models for efficient decoding},
  author={Adel, Heike and Kirchhoff, Katrin and Vu, Ngoc Thang and Telaar, Dominic and Schultz, Tanja},
  booktitle={Fifteenth Annual Conference of the International Speech Communication Association},
  year={2014}
}

@article{bengio2003neural,
  title={A neural probabilistic language model},
  author={Bengio, Yoshua and Ducharme, R{\'e}jean and Vincent, Pascal and Jauvin, Christian},
  journal={Journal of machine learning research},
  volume={3},
  number={Feb},
  pages={1137--1155},
  year={2003}
}

@book{goodfellow2016deep,
  title={Deep learning},
  author={Goodfellow, Ian and Bengio, Yoshua and Courville, Aaron},
  year={2016},
  publisher={MIT press}
}

@inproceedings{graves2013speech,
  title={Speech recognition with deep recurrent neural networks},
  author={Graves, Alex and Mohamed, Abdel-rahman and Hinton, Geoffrey},
  booktitle={2013 IEEE international conference on acoustics, speech and signal processing},
  pages={6645--6649},
  year={2013},
  organization={IEEE}
}

@inproceedings{bengio1993problem,
  title={The problem of learning long-term dependencies in recurrent networks},
  author={Bengio, Yoshua and Frasconi, Paolo and Simard, Patrice},
  booktitle={IEEE international conference on neural networks},
  pages={1183--1188},
  year={1993},
  organization={IEEE}
}

@article{bengio1994learning,
  title={Learning long-term dependencies with gradient descent is difficult},
  author={Bengio, Yoshua and Simard, Patrice and Frasconi, Paolo},
  journal={IEEE transactions on neural networks},
  volume={5},
  number={2},
  pages={157--166},
  year={1994},
  publisher={IEEE}
}

@inproceedings{sutskever2014sequence,
  title={Sequence to sequence learning with neural networks},
  author={Sutskever, Ilya and Vinyals, Oriol and Le, Quoc V},
  booktitle={Advances in neural information processing systems},
  pages={3104--3112},
  year={2014}
}

@inproceedings{graves2014towards,
  title={Towards end-to-end speech recognition with recurrent neural networks},
  author={Graves, Alex and Jaitly, Navdeep},
  booktitle={International conference on machine learning},
  pages={1764--1772},
  year={2014}
}

@inproceedings{graves2013speech,
  title={Speech recognition with deep recurrent neural networks},
  author={Graves, Alex and Mohamed, Abdel-rahman and Hinton, Geoffrey},
  booktitle={2013 IEEE international conference on acoustics, speech and signal processing},
  pages={6645--6649},
  year={2013},
  organization={IEEE}
}

@article{graves2013generating,
  title={Generating sequences with recurrent neural networks},
  author={Graves, Alex},
  journal={arXiv preprint arXiv:1308.0850},
  year={2013}
}

@inproceedings{graves2009offline,
  title={Offline handwriting recognition with multidimensional recurrent neural networks},
  author={Graves, Alex and Schmidhuber, J{\"u}rgen},
  booktitle={Advances in neural information processing systems},
  pages={545--552},
  year={2009}
}

@article{lin1996learning,
  title={Learning long-term dependencies in NARX recurrent neural networks},
  author={Lin, Tsungnan and Horne, Bill G and Tino, Peter and Giles, C Lee},
  journal={IEEE Transactions on Neural Networks},
  volume={7},
  number={6},
  pages={1329--1338},
  year={1996},
  publisher={IEEE}
}

@article{ullah2017action,
  title={Action recognition in video sequences using deep bi-directional LSTM with CNN features},
  author={Ullah, Amin and Ahmad, Jamil and Muhammad, Khan and Sajjad, Muhammad and Baik, Sung Wook},
  journal={IEEE Access},
  volume={6},
  pages={1155--1166},
  year={2017},
  publisher={IEEE}
}

@inproceedings{liu2018multi,
  title={Multi-feature based emotion recognition for video clips},
  author={Liu, Chuanhe and Tang, Tianhao and Lv, Kui and Wang, Minghao},
  booktitle={Proceedings of the 20th ACM International Conference on Multimodal Interaction},
  pages={630--634},
  year={2018}
}

@inproceedings{fan2016video,
  title={Video-based emotion recognition using CNN-RNN and C3D hybrid networks},
  author={Fan, Yin and Lu, Xiangju and Li, Dian and Liu, Yuanliu},
  booktitle={Proceedings of the 18th ACM International Conference on Multimodal Interaction},
  pages={445--450},
  year={2016}
}

@article{carbune2020fast,
  title={Fast multi-language lstm-based online handwriting recognition},
  author={Carbune, Victor and Gonnet, Pedro and Deselaers, Thomas and Rowley, Henry A and Daryin, Alexander and Calvo, Marcos and Wang, Li-Lun and Keysers, Daniel and Feuz, Sandro and Gervais, Philippe},
  journal={International Journal on Document Analysis and Recognition (IJDAR)},
  pages={1--14},
  year={2020},
  publisher={Springer}
}

@article{hochreiter1997long,
  title={Long short-term memory},
  author={Hochreiter, Sepp and Schmidhuber, J{\"u}rgen},
  journal={Neural computation},
  volume={9},
  number={8},
  pages={1735--1780},
  year={1997},
  publisher={MIT Press}
}

@inproceedings{vaswani2017attention,
  title={Attention is all you need},
  author={Vaswani, Ashish and Shazeer, Noam and Parmar, Niki and Uszkoreit, Jakob and Jones, Llion and Gomez, Aidan N and Kaiser, {\L}ukasz and Polosukhin, Illia},
  booktitle={Advances in neural information processing systems},
  pages={5998--6008},
  year={2017}
}

@article{devlin2018bert,
  title={Bert: Pre-training of deep bidirectional transformers for language understanding},
  author={Devlin, Jacob and Chang, Ming-Wei and Lee, Kenton and Toutanova, Kristina},
  journal={arXiv preprint arXiv:1810.04805},
  year={2018}
}

@incollection{lecun1999object,
  title={Object recognition with gradient-based learning},
  author={LeCun, Yann and Haffner, Patrick and Bottou, L{\'e}on and Bengio, Yoshua},
  booktitle={Shape, contour and grouping in computer vision},
  pages={319--345},
  year={1999},
  publisher={Springer}
}

@article{fukushima1980neocognitron,
  title={Neocognitron: A self-organizing neural network model for a mechanism of pattern recognition unaffected by shift in position},
  author={Fukushima, Kunihiko},
  journal={Biological cybernetics},
  volume={36},
  number={4},
  pages={193--202},
  year={1980},
  publisher={Springer}
}

@article{sak2014long,
  title={Long short-term memory recurrent neural network architectures for large scale acoustic modeling},
  author={Sak, Hasim and Senior, Andrew W and Beaufays, Fran{\c{c}}oise},
  year={2014}
}

@article{verwimp2017character,
  title={Character-word lstm language models},
  author={Verwimp, Lyan and Pelemans, Joris and Wambacq, Patrick and others},
  journal={arXiv preprint arXiv:1704.02813},
  year={2017}
}

@inproceedings{pennington2014glove,
  title={Glove: Global vectors for word representation},
  author={Pennington, Jeffrey and Socher, Richard and Manning, Christopher D},
  booktitle={Proceedings of the 2014 conference on empirical methods in natural language processing (EMNLP)},
  pages={1532--1543},
  year={2014}
}

@article{rong2014word2vec,
  title={word2vec parameter learning explained},
  author={Rong, Xin},
  journal={arXiv preprint arXiv:1411.2738},
  year={2014}
}

@article{mikolov2013efficient,
  title={Efficient estimation of word representations in vector space},
  author={Mikolov, Tomas and Chen, Kai and Corrado, Greg and Dean, Jeffrey},
  journal={arXiv preprint arXiv:1301.3781},
  year={2013}
}

@misc{jurafsky2014speech,
  title={Speech and language processing. Vol. 3},
  author={Jurafsky, Dan and Martin, James H},
  year={2014},
  publisher={Pearson London London}
}

@inproceedings{morin2005hierarchical,
  title={Hierarchical probabilistic neural network language model.},
  author={Morin, Frederic and Bengio, Yoshua},
  booktitle={Aistats},
  volume={5},
  pages={246--252},
  year={2005},
  organization={Citeseer}
}

@inproceedings{bengio2003quick,
  title={Quick training of probabilistic neural nets by importance sampling.},
  author={Bengio, Yoshua and Sen{\'e}cal, Jean-S{\'e}bastien and others},
  booktitle={AISTATS},
  pages={1--9},
  year={2003}
}

@inproceedings{gutmann2010noise,
  title={Noise-contrastive estimation: A new estimation principle for unnormalized statistical models},
  author={Gutmann, Michael and Hyv{\"a}rinen, Aapo},
  booktitle={Proceedings of the Thirteenth International Conference on Artificial Intelligence and Statistics},
  pages={297--304},
  year={2010}
}

@inproceedings{mnih2013learning,
  title={Learning word embeddings efficiently with noise-contrastive estimation},
  author={Mnih, Andriy and Kavukcuoglu, Koray},
  booktitle={Advances in neural information processing systems},
  pages={2265--2273},
  year={2013}
}

@article{de2015exploration,
  title={An exploration of softmax alternatives belonging to the spherical loss family},
  author={de Br{\'e}bisson, Alexandre and Vincent, Pascal},
  journal={arXiv preprint arXiv:1511.05042},
  year={2015}
}

@misc{Olah2015Understanding,
    title	= {Understanding LSTM Networks},
    author	= {Christopher Olah},
    year	= {2015},
    URL	= {http://colah.github.io/posts/2015-08-Understanding-LSTMs/}
}

@inproceedings{kurimo2006unlimited,
  title={Unlimited vocabulary speech recognition for agglutinative languages},
  author={Kurimo, Mikko and Puurula, Antti and Arisoy, Ebru and Siivola, Vesa and Hirsim{\"a}ki, Teemu and Pylkk{\"o}nen, Janne and Alum{\"a}e, Tanel and Saraclar, Murat},
  booktitle={Proceedings of the main conference on Human Language Technology Conference of the North American Chapter of the Association of Computational Linguistics},
  pages={487--494},
  year={2006},
  organization={Association for Computational Linguistics}
}

@article{bojanowski2015alternative,
  title={Alternative structures for character-level RNNs},
  author={Bojanowski, Piotr and Joulin, Armand and Mikolov, Tomas},
  journal={arXiv preprint arXiv:1511.06303},
  year={2015}
}

@inproceedings{bergstra2011algorithms,
  title={Algorithms for hyper-parameter optimization},
  author={Bergstra, James S and Bardenet, R{\'e}mi and Bengio, Yoshua and K{\'e}gl, Bal{\'a}zs},
  booktitle={Advances in neural information processing systems},
  pages={2546--2554},
  year={2011}
}

@article{falkner2018bohb,
  title={BOHB: Robust and efficient hyperparameter optimization at scale},
  author={Falkner, Stefan and Klein, Aaron and Hutter, Frank},
  journal={arXiv preprint arXiv:1807.01774},
  year={2018}
}

@inproceedings{kannan2016smart,
  title={Smart reply: Automated response suggestion for email},
  author={Kannan, Anjuli and Kurach, Karol and Ravi, Sujith and Kaufmann, Tobias and Tomkins, Andrew and Miklos, Balint and Corrado, Greg and Lukacs, Laszlo and Ganea, Marina and Young, Peter and others},
  booktitle={Proceedings of the 22nd ACM SIGKDD International Conference on Knowledge Discovery and Data Mining},
  pages={955--964},
  year={2016}
}

@online{ruder2020Language,
  author = {Ruder, Sebastian},
  title = {Language Modeling | NLP-progress},
  url = {http://nlpprogress.com/english/language_modeling.html},
  urldate = {2020-05-23}
}

@article{merity2017regularizing,
  title={Regularizing and optimizing LSTM language models},
  author={Merity, Stephen and Keskar, Nitish Shirish and Socher, Richard},
  journal={arXiv preprint arXiv:1708.02182},
  year={2017}
}

@article{yang2017breaking,
  title={Breaking the softmax bottleneck: A high-rank RNN language model},
  author={Yang, Zhilin and Dai, Zihang and Salakhutdinov, Ruslan and Cohen, William W},
  journal={arXiv preprint arXiv:1711.03953},
  year={2017}
}

@article{merity2016pointer,
  title={Pointer sentinel mixture models},
  author={Merity, Stephen and Xiong, Caiming and Bradbury, James and Socher, Richard},
  journal={arXiv preprint arXiv:1609.07843},
  year={2016}
}

@article{enarvi2016theanolm,
  title={Theanolm-an extensible toolkit for neural network language modeling},
  author={Enarvi, Seppo and Kurimo, Mikko},
  journal={arXiv preprint arXiv:1605.00942},
  year={2016}
}

@article{enarvi2017automatic,
  title={Automatic speech recognition with very large conversational finnish and estonian vocabularies},
  author={Enarvi, Seppo and Smit, Peter and Virpioja, Sami and Kurimo, Mikko},
  journal={IEEE/ACM Transactions on Audio, Speech, and Language Processing},
  volume={25},
  number={11},
  pages={2085--2097},
  year={2017},
  publisher={IEEE}
}

@inproceedings{smit2017aalto,
  title={Aalto system for the 2017 Arabic multi-genre broadcast challenge},
  author={Smit, Peter and Gangireddy, Siva Reddy and Enarvi, Seppo and Virpioja, Sami and Kurimo, Mikko},
  booktitle={2017 IEEE Automatic Speech Recognition and Understanding Workshop (ASRU)},
  pages={338--345},
  year={2017},
  organization={IEEE}
}

@article{merity2018analysis,
  title={{An Analysis of Neural Language Modeling at Multiple Scales}},
  author={Merity, Stephen and Keskar, Nitish Shirish and Socher, Richard},
  journal={arXiv preprint arXiv:1803.08240},
  year={2018}
}

@inproceedings{kneser1995improved,
  title={Improved backing-off for m-gram language modeling},
  author={Kneser, Reinhard and Ney, Hermann},
  booktitle={1995 International Conference on Acoustics, Speech, and Signal Processing},
  volume={1},
  pages={181--184},
  year={1995},
  organization={IEEE}
}

@inproceedings{verwimp2019tf,
  title={TF-LM: Tensorflow-based language modeling toolkit},
  author={Verwimp, Lyan and Van Hamme, H and Wambacq, Patrick},
  booktitle={LREC 2018-11th International Conference on Language Resources and Evaluation},
  pages={2968--2973},
  year={2019},
  organization={Proceedings LREC}
}

@book{geron2019hands,
  title={Hands-On Machine Learning with Scikit-Learn, Keras, and TensorFlow: Concepts, Tools, and Techniques to Build Intelligent Systems},
  author={G{\'e}ron, Aur{\'e}lien},
  year={2019},
  publisher={O'Reilly Media}
}